<record><leader>00000cas a2200000 a 4500</leader><controlfield tag="001">8338858</controlfield><controlfield tag="008">820415d19321995iluwn ne      0   a0eng c</controlfield><datafield ind1=" " ind2=" " tag="010"><subfield code="a">sn 82002436 </subfield></datafield><datafield ind1=" " ind2=" " tag="040"><subfield code="a">NSD</subfield><subfield code="b">eng</subfield><subfield code="c">NSD</subfield><subfield code="d">NVF</subfield><subfield code="d">NSD</subfield><subfield code="d">CVF</subfield><subfield code="d">OCLCQ</subfield><subfield code="d">NVF</subfield><subfield code="d">OCLCF</subfield><subfield code="d">OCLCO</subfield><subfield code="d">NVF</subfield></datafield><datafield ind1=" " ind2=" " tag="012"><subfield code="k">1</subfield><subfield code="m">d</subfield></datafield><datafield ind1="1" ind2=" " tag="022"><subfield code="a">0744-5385</subfield><subfield code="l">0744-5385</subfield><subfield code="2">1</subfield></datafield><datafield ind1=" " ind2=" " tag="042"><subfield code="a">nsdp</subfield><subfield code="a">pcc</subfield></datafield><datafield ind1=" " ind2=" " tag="043"><subfield code="a">n-us-il</subfield></datafield><datafield ind1=" " ind2="0" tag="222"><subfield code="a">Park Ridge advocate</subfield></datafield><datafield ind1="0" ind2="0" tag="245"><subfield code="a">Park Ridge advocate.</subfield></datafield><datafield ind1=" " ind2=" " tag="260"><subfield code="a">Park Ridge, Ill. :</subfield><subfield code="b">Pickwick Papers</subfield></datafield><datafield ind1="2" ind2=" " tag="260"><subfield code="3">1982-1994</subfield><subfield code="a">Wilmette, Ill.</subfield></datafield><datafield ind1="3" ind2=" " tag="260"><subfield code="3">Jan. 26-Feb. 23, 1995</subfield><subfield code="a">Glenview, Ill.</subfield></datafield><datafield ind1=" " ind2=" " tag="310"><subfield code="a">Weekly (except semiweekly in Mar., June, and Sept.),</subfield><subfield code="b">May 11, 1989-1995</subfield></datafield><datafield ind1=" " ind2=" " tag="321"><subfield code="a">Weekly,</subfield><subfield code="b">&lt;July 7, 1933&gt;-May 4, 1989</subfield></datafield><datafield ind1="1" ind2=" " tag="362"><subfield code="a">Began in 1932.</subfield></datafield><datafield ind1="0" ind2=" " tag="362"><subfield code="a">-v. 62, no. 22 (Feb. 23, 1995).</subfield></datafield><datafield ind1=" " ind2=" " tag="500"><subfield code="a">Published as: Centennial edition, June 28, 1973.</subfield></datafield><datafield ind1=" " ind2=" " tag="588"><subfield code="a">Description based on: Vol. 1, no. 40 (July 7, 1933).</subfield></datafield><datafield ind1=" " ind2="0" tag="651"><subfield code="a">Park Ridge (Ill.)</subfield><subfield code="v">Newspapers.</subfield></datafield><datafield ind1=" " ind2="7" tag="651"><subfield code="a">Illinois</subfield><subfield code="z">Park Ridge.</subfield><subfield code="2">fast</subfield><subfield code="0">(OCoLC)fst01232339</subfield></datafield><datafield ind1=" " ind2="7" tag="655"><subfield code="a">Newspapers.</subfield><subfield code="2">fast</subfield><subfield code="0">(OCoLC)fst01423814</subfield></datafield><datafield ind1=" " ind2=" " tag="752"><subfield code="a">United States</subfield><subfield code="b">Illinois</subfield><subfield code="c">Cook County</subfield><subfield code="d">Park Ridge.</subfield></datafield><datafield ind1=" " ind2=" " tag="752"><subfield code="a">United States</subfield><subfield code="b">Illinois</subfield><subfield code="c">Cook County</subfield><subfield code="d">Wilmette.</subfield></datafield><datafield ind1=" " ind2=" " tag="752"><subfield code="a">United States</subfield><subfield code="b">Illinois</subfield><subfield code="c">Cook County</subfield><subfield code="d">Glenview.</subfield></datafield><datafield ind1="0" ind2="0" tag="785"><subfield code="t">Park Ridge herald-advocate</subfield><subfield code="x">1087-5352</subfield><subfield code="w">(DLC)sn 96003228</subfield><subfield code="w">(OCoLC)34340529</subfield></datafield><datafield ind1="1" ind2=" " tag="029"><subfield code="a">AU@</subfield><subfield code="b">000020569168</subfield></datafield></record>